@book {matmat,
    AUTHOR = {Bernstein, Dennis S.},
     TITLE = {Matrix mathematics},
   EDITION = {Second},
      NOTE = {Theory, facts, and formulas},
 PUBLISHER = {Princeton University Press, Princeton, NJ},
      YEAR = {2009},
     PAGES = {xlii+1139},
      ISBN = {978-0-691-14039-1},
   MRCLASS = {93-02 (15-01 93B52 93C05)},
  MRNUMBER = {2513751},
       DOI = {10.1515/9781400833344},
       URL = {https://doi.org/10.1515/9781400833344},
}

@book {SSPbook,
    AUTHOR = {Gottlieb, Sigal and Ketcheson, David and Shu, Chi-Wang},
     TITLE = {Strong stability preserving {R}unge-{K}utta and multistep time
              discretizations},
 PUBLISHER = {World Scientific Publishing Co. Pte. Ltd., Hackensack, NJ},
      YEAR = {2011},
     PAGES = {xii+176},
      ISBN = {978-981-4289-26-9; 981-4289-26-4},
   MRCLASS = {65L06 (65L20)},
  MRNUMBER = {2789749},
MRREVIEWER = {John W. Mooney},
       DOI = {10.1142/7498},
       URL = {https://doi.org/10.1142/7498},
}

@article {posconv,
    AUTHOR = {Fekete, Imre and Ketcheson, David I. and L\'{o}czi, Lajos},
     TITLE = {Positivity for convective semi-discretizations},
   JOURNAL = {J. Sci. Comput.},
  FJOURNAL = {Journal of Scientific Computing},
    VOLUME = {74},
      YEAR = {2018},
    NUMBER = {1},
     PAGES = {244--266},
      ISSN = {0885-7474},
   MRCLASS = {65M20 (65M12)},
  MRNUMBER = {3742878},
MRREVIEWER = {Jean-Fran\c{c}ois Coulombel},
       DOI = {10.1007/s10915-017-0432-9},
       URL = {https://doi.org/10.1007/s10915-017-0432-9},
}

@book {hairerwanner1,
    AUTHOR = {Hairer, E. and N\o rsett, S. P. and Wanner, G.},
     TITLE = {Solving ordinary differential equations. {I}},
    SERIES = {Springer Series in Computational Mathematics},
    VOLUME = {8},
   EDITION = {Second},
      NOTE = {Nonstiff problems},
 PUBLISHER = {Springer-Verlag, Berlin},
      YEAR = {1993},
     PAGES = {xvi+528},
      ISBN = {3-540-56670-8},
   MRCLASS = {65-02 (34A50 65L99)},
  MRNUMBER = {1227985},
}

@book {hundsdorferverwer,
    AUTHOR = {Hundsdorfer, Willem and Verwer, Jan},
     TITLE = {Numerical solution of time-dependent
              advection-diffusion-reaction equations},
    SERIES = {Springer Series in Computational Mathematics},
    VOLUME = {33},
 PUBLISHER = {Springer-Verlag, Berlin},
      YEAR = {2003},
     PAGES = {x+471},
      ISBN = {3-540-03440-4},
   MRCLASS = {65-02 (65L05 65Mxx)},
  MRNUMBER = {2002152},
MRREVIEWER = {Ian Gladwell},
       DOI = {10.1007/978-3-662-09017-6},
       URL = {https://doi.org/10.1007/978-3-662-09017-6},
}

@book {hairerwanner,
    AUTHOR = {Hairer, E. and Wanner, G.},
     TITLE = {Solving ordinary differential equations. {II}},
    SERIES = {Springer Series in Computational Mathematics},
    VOLUME = {14},
      NOTE = {Stiff and differential-algebraic problems,
              Second revised edition},
 PUBLISHER = {Springer-Verlag, Berlin},
      YEAR = {2010},
     PAGES = {xvi+614},
      ISBN = {978-3-642-05220-0},
   MRCLASS = {65-02 (65Lxx)},
  MRNUMBER = {2657217},
       DOI = {10.1007/978-3-642-05221-7},
       URL = {https://doi.org/10.1007/978-3-642-05221-7},
}

@book {nonnegmatr,
    AUTHOR = {Berman, Abraham and Plemmons, Robert J.},
     TITLE = {Nonnegative matrices in the mathematical sciences},
    SERIES = {Classics in Applied Mathematics},
    VOLUME = {9},
      NOTE = {Revised reprint of the 1979 original},
 PUBLISHER = {Society for Industrial and Applied Mathematics (SIAM),
              Philadelphia, PA},
      YEAR = {1994},
     PAGES = {xx+340},
      ISBN = {0-89871-321-8},
   MRCLASS = {15A48 (15-02 60J10 90C33)},
  MRNUMBER = {1298430},
       DOI = {10.1137/1.9781611971262},
       URL = {https://doi.org/10.1137/1.9781611971262},
}

@article {rojosoto,
    AUTHOR = {Rojo, Oscar and Soto, Ricardo L.},
     TITLE = {Existence and construction of nonnegative matrices with
              complex spectrum},
   JOURNAL = {Linear Algebra Appl.},
  FJOURNAL = {Linear Algebra and its Applications},
    VOLUME = {368},
      YEAR = {2003},
     PAGES = {53--69},
      ISSN = {0024-3795},
   MRCLASS = {15A48 (15A18 15A29 15A57)},
  MRNUMBER = {1983194},
MRREVIEWER = {Uriel G. Rothblum},
       DOI = {10.1016/S0024-3795(02)00650-X},
       URL = {https://doi.org/10.1016/S0024-3795(02)00650-X},
}

@article {bengt,
    AUTHOR = {Fornberg, Bengt},
     TITLE = {Generation of finite difference formulas on arbitrarily spaced
              grids},
   JOURNAL = {Math. Comp.},
  FJOURNAL = {Mathematics of Computation},
    VOLUME = {51},
      YEAR = {1988},
    NUMBER = {184},
     PAGES = {699--706},
      ISSN = {0025-5718},
   MRCLASS = {65D25},
  MRNUMBER = {935077},
MRREVIEWER = {Chris Arney},
       DOI = {10.2307/2008770},
       URL = {https://doi.org/10.2307/2008770},
}

@book {trefethen,
    AUTHOR = {Trefethen, Lloyd N.},
     TITLE = {Spectral methods in {MATLAB}},
    SERIES = {Software, Environments, and Tools},
    VOLUME = {10},
 PUBLISHER = {Society for Industrial and Applied Mathematics (SIAM),
              Philadelphia, PA},
      YEAR = {2000},
     PAGES = {xviii+165},
      ISBN = {0-89871-465-6},
   MRCLASS = {65-01 (65-04)},
  MRNUMBER = {1776072},
       DOI = {10.1137/1.9780898719598},
       URL = {https://doi.org/10.1137/1.9780898719598},
}

@book {peyret,
    AUTHOR = {Peyret, Roger},
     TITLE = {Spectral methods for incompressible viscous flow},
    SERIES = {Applied Mathematical Sciences},
    VOLUME = {148},
 PUBLISHER = {Springer-Verlag, New York},
      YEAR = {2002},
     PAGES = {xii+432},
      ISBN = {0-387-95221-7},
   MRCLASS = {65-02 (35Q35 65M70 65N35 76D05 76M22)},
  MRNUMBER = {1897544},
       DOI = {10.1007/978-1-4757-6557-1},
       URL = {https://doi.org/10.1007/978-1-4757-6557-1},
}